

@article{Andrews2019,
Author = {Andrews, Isaiah and Kasy, Maximilian},
Title = {Identification of and Correction for Publication Bias},
Journal = {American Economic Review},
Volume = {109},
Number = {8},
Year = {2019},
Month = {August},
Pages = {2766–94},
DOI = {10.1257/aer.20180310},
URL = {https://www.aeaweb.org/articles?id=10.1257/aer.20180310}}


@article{Andrews2023,
	author = {Andrews, Isaiah and Kitagawa, Toru and McCloskey, Adam},
	doi = {10.1093/qje/qjad043},
	eprint = {https://academic.oup.com/qje/article-pdf/139/1/305/55124607/qjad043.pdf},
	issn = {0033-5533},
	journal = {The Quarterly Journal of Economics},
	month = {09},
	number = {1},
	pages = {305-358},
	title = {{Inference on Winners*}},
	url = {https://doi.org/10.1093/qje/qjad043},
	volume = {139},
	year = {2023},
	Bdsk-Url-1 = {https://doi.org/10.1093/qje/qjad043}}


@misc{Fithian,
      title={Optimal Inference After Model Selection}, 
      author={William Fithian and Dennis Sun and Jonathan Taylor},
      year={2017},
      eprint={1410.2597},
      archivePrefix={arXiv},
      primaryClass={math.ST},
      url={https://arxiv.org/abs/1410.2597}, 
}

@article{Geyer,
  title={Fuzzy and randomized confidence intervals and p-values},
  author={Geyer, Charles J and Meeden, Glen D},
  journal={Statistical Science},
  pages={358--366},
  year={2005},
  publisher={JSTOR}
}

@book{Haan,
	author = {de Haan, L. and Ferreira, A.},
	isbn = {9780387344713},
	lccn = {2006925909},
	publisher = {Springer New York},
	series = {Springer Series in Operations Research and Financial Engineering},
	title = {Extreme Value Theory: An Introduction},
	url = {https://books.google.com/books?id=t6tfXnykazEC},
	year = {2007},
	bdsk-url-1 = {https://books.google.com/books?id=t6tfXnykazEC}
}


@article{Hemerik,
	author = {Hemerik, Jesse and Goeman, Jelle},
	date = {2018/12/01},
	date-added = {2024-07-22 18:04:29 -0700},
	date-modified = {2024-07-22 18:04:29 -0700},
	doi = {10.1007/s11749-017-0571-1},
	id = {Hemerik2018},
	isbn = {1863-8260},
	journal = {TEST},
	number = {4},
	pages = {811--825},
	title = {Exact testing with random permutations},
	url = {https://doi.org/10.1007/s11749-017-0571-1},
	volume = {27},
	year = {2018},
	bdsk-url-1 = {https://doi.org/10.1007/s11749-017-0571-1}}

@article{Holm,
 ISSN = {03036898, 14679469},
 URL = {http://www.jstor.org/stable/4615733},
 author = {Sture Holm},
 journal = {Scandinavian Journal of Statistics},
 number = {2},
 pages = {65--70},
 publisher = {[Board of the Foundation of the Scandinavian Journal of Statistics, Wiley]},
 title = {A Simple Sequentially Rejective Multiple Test Procedure},
 urldate = {2024-07-30},
 volume = {6},
 year = {1979}
}


@article{Hung2019,
	author = {Kenneth Hung and William Fithian},
	doi = {10.1214/17-AOS1634},
	journal = {The Annals of Statistics},
	keywords = {exponential family, multiple comparison, ranking, sample best, selective inference},
	number = {2},
	pages = {758 -- 782},
	publisher = {Institute of Mathematical Statistics},
	title = {{Rank verification for exponential families}},
	url = {https://doi.org/10.1214/17-AOS1634},
	volume = {47},
	year = {2019},
	Bdsk-Url-1 = {https://doi.org/10.1214/17-AOS1634}}


@article{Hung2020,
	author = {Kenneth Hung and William Fithian},
	doi = {10.1214/20-AOAS1336},
	journal = {The Annals of Applied Statistics},
	keywords = {Meta-analysis, multiple testing, postselection inference, publication bias, replicability},
	number = {3},
	pages = {1063 -- 1087},
	publisher = {Institute of Mathematical Statistics},
	title = {{Statistical methods for replicability assessment}},
	url = {https://doi.org/10.1214/20-AOAS1336},
	volume = {14},
	year = {2020},
	Bdsk-Url-1 = {https://doi.org/10.1214/20-AOAS1336}}

@book{Lehmann,
  title={Testing statistical hypotheses},
  author={Lehmann, Erich Leo and Romano, Joseph P and Casella, George},
  volume={3},
  year={1986},
  publisher={Springer}
}

@article{Marcus,
  title={On closed testing procedures with special reference to ordered analysis of variance},
  author={Marcus, Ruth and Eric, Peritz and Gabriel, K Ruben},
  journal={Biometrika},
  volume={63},
  number={3},
  pages={655--660},
  year={1976},
  publisher={Oxford University Press}
}

@article{Lei,
	author = {Lei, Lihua and Fithian, William},
	doi = {10.1111/rssb.12274},
	eprint = {https://academic.oup.com/jrsssb/article-pdf/80/4/649/49270704/jrsssb\_80\_4\_649.pdf},
	issn = {1369-7412},
	journal = {Journal of the Royal Statistical Society Series B: Statistical Methodology},
	month = {06},
	number = {4},
	pages = {649-679},
	title = {{AdaPT: An Interactive Procedure for Multiple Testing with Side Information}},
	url = {https://doi.org/10.1111/rssb.12274},
	volume = {80},
	year = {2018},
	Bdsk-Url-1 = {https://doi.org/10.1111/rssb.12274}}

@article{Sidak,
 ISSN = {01621459, 1537274X},
 URL = {http://www.jstor.org/stable/2283989},
 author = {Zbyněk Šidák},
 journal = {Journal of the American Statistical Association},
 number = {318},
 pages = {626--633},
 publisher = {[American Statistical Association, Taylor & Francis, Ltd.]},
 title = {Rectangular Confidence Regions for the Means of Multivariate Normal Distributions},
 urldate = {2024-07-29},
 volume = {62},
 year = {1967}
}

@article{Simonsohn,
  title={P-Curve: A Key to the File Drawer},
  author={Uri Simonsohn and Leif D. Nelson and Joseph P. Simmons},
  journal={Cognitive Linguistics: Cognition},
  year={2013},
  url={https://api.semanticscholar.org/CorpusID:8505270}
}

@article{Zaykin,
  title={Truncated product method for combining P-values},
  author={Zaykin, Dmitri V and Zhivotovsky, Lev A and Westfall, Peter H and Weir, Bruce S},
  journal={Genetic Epidemiology: The Official Publication of the International Genetic Epidemiology Society},
  volume={22},
  number={2},
  pages={170--185},
  year={2002},
  publisher={Wiley Online Library}
}

@article{Zhang,
  title={TFisher: A powerful truncation and weighting procedure for combining p-values},
  author={Zhang, Hong and Tong, Tiejun and Landers, John and Wu, Zheyang},
  year={2020}
}